@article{petrova2018glory,
  title         = {{Glory on Venus and selection among the unknown UV absorbers}},
  author        = {{Petrova}, Elena V.},
  year          = 2018,
  month         = 5,
  adsurl        = {https://adsabs.harvard.edu/abs/2018Icar..306..163P},
  doi           = {10.1016/j.icarus.2018.02.016},
  journal       = {Icarus},
  pages         = {163--170},
  volume        = 306,
}

@article{zellner1973polarization,
  title         = {{The polarization of Titan}},
  author        = {{Zellner}, Ben},
  year          = 1973,
  month         = 4,
  doi           = {10.1016/0019-1035(73)90070-5},
  journal       = {Icarus},
  number        = 4,
  pages         = {661--664},
  volume        = 18,
  adsurl        = {https://adsabs.harvard.edu/abs/1973Icar...18..661Z},
}

@article{berdyugina2019surface,
  title         = {{Surface Imaging of Proxima b and Other Exoplanets: Albedo Maps, Biosignatures, and Technosignatures}},
  author        = {{Berdyugina}, S. V. and {Kuhn}, J. R.},
  year          = 2019,
  month         = 11,
  adsurl        = {https://adsabs.harvard.edu/abs/2019AJ....158..246B},
  doi           = {10.3847/1538-3881/ab2df3},
  journal       = {\aj},
  number        = 6,
  pages         = 246,
  volume        = 158,
}

@article{cowan2008inverting,
  title         = {{Inverting Phase Functions to Map Exoplanets}},
  author        = {{Cowan}, Nicolas B. and {Agol}, Eric},
  year          = 2008,
  month         = 4,
  adsurl        = {https://adsabs.harvard.edu/abs/2008ApJ...678L.129C},
  doi           = {10.1086/588553},
  journal       = {\apj},
  number        = 2,
  pages         = {L129--l132},
  volume        = 678,
}

@article{Luger2021,
  title         = {{Mapping stellar surfaces III: An Efficient, Scalable, and Open-Source Doppler Imaging Model}},
  author        = {{Luger}, Rodrigo and {Bedell}, Megan and {Foreman-Mackey}, Daniel and {Crossfield}, Ian J.~M. and {Zhao}, Lily L. and {Hogg}, David W.},
  year          = 2021,
  month         = oct,
  journal       = {arXiv e-prints},
  pages         = {arXiv:2110.06271},
  archiveprefix = {arXiv},
  eprint        = {2110.06271},
  adsurl        = {https://ui.adsabs.harvard.edu/abs/2021arXiv211006271L}
}

@incollection{2010exop.book...15M,
  title         = {{Keplerian Orbits and Dynamics of Exoplanets}},
  author        = {{Murray}, C.~D. and {Correia}, A.~C.~M.},
  year          = 2010,
  booktitle     = {Exoplanets},
  publisher     = {University of Arizona Press},
  address       = {Tucson, AZ},
  pages         = {15--23},
  doi           = {10.48550/arXiv.1009.1738},
  editor        = {{Seager}, S.},
  isbn          = {978-0-8165-2945-2},
  adsurl        = {https://ui.adsabs.harvard.edu/abs/2010exop.book...15M}
}

@article{2013MNRAS.434L..51K,
  title         = {{Parametrizing the exoplanet eccentricity distribution with the beta  distribution.}},
  author        = {{Kipping}, D.~M.},
  year          = 2013,
  month         = jul,
  journal       = {\mnras},
  volume        = 434,
  pages         = {L51-L55},
  doi           = {10.1093/mnrasl/slt075},
  archiveprefix = {arXiv},
  eprint        = {1306.4982},
  adsurl        = {https://ui.adsabs.harvard.edu/abs/2013MNRAS.434L..51K}
}

@article{2009ApJ...700..915C,
  title         = {{Alien Maps of an Ocean-bearing World}},
  author        = {{Cowan}, Nicolas B. and {Agol}, Eric and {Meadows}, Victoria S. and {Robinson}, Tyler and {Livengood}, Timothy A. and {Deming}, Drake and {Lisse}, Carey M. and {A'Hearn}, Michael F. and {Wellnitz}, Dennis D. and {Seager}, Sara and {Charbonneau}, David and {EPOXI Team}},
  year          = 2009,
  month         = aug,
  journal       = {\apj},
  volume        = 700,
  number        = 2,
  pages         = {915--923},
  doi           = {10.1088/0004-637X/700/2/915},
  archiveprefix = {arXiv},
  eprint        = {0905.3742},
  adsurl        = {https://ui.adsabs.harvard.edu/abs/2009ApJ...700..915C}
}

@article{2010GeoRL..37.7104S,
  title         = {{Specular reflection on Titan: Liquids in Kraken Mare}},
  author        = {{Stephan}, Katrin and {Jaumann}, Ralf and {Brown}, Robert H. and {Soderblom}, Jason M. and {Soderblom}, Laurence A. and {Barnes}, Jason W. and {Sotin}, Christophe and {Griffith}, Caitlin A. and {Kirk}, Randolph L. and {Baines}, Kevin H. and {Buratti}, Bonnie J. and {Clark}, Roger N. and {Lytle}, Dyer M. and {Nelson}, Robert M. and {Nicholson}, Phillip D.},
  year          = 2010,
  month         = apr,
  journal       = {\grl},
  volume        = 37,
  number        = 7,
  pages         = {L07104},
  doi           = {10.1029/2009GL042312},
  adsurl        = {https://ui.adsabs.harvard.edu/abs/2010GeoRL..37.7104S}
}

@article{2001Natur.412..885F,
  title         = {{Characterization of extrasolar terrestrial planets from diurnal photometric variability}},
  author        = {{Ford}, E.~B. and {Seager}, S. and {Turner}, E.~L.},
  year          = 2001,
  month         = aug,
  journal       = {\nat},
  volume        = 412,
  number        = 6850,
  pages         = {885--887},
  doi           = {10.1038/35091009},
  archiveprefix = {arXiv},
  eprint        = {astro-ph/0109054},
  adsurl        = {https://ui.adsabs.harvard.edu/abs/2001Natur.412..885F}
}

@article{desgrange2022,
  title         = {{In-depth direct imaging and spectroscopic characterization of the young Solar System analog HD 95086}},
  author        = {{Desgrange, C.} and {Chauvin, G.} and {Christiaens, V.} and {Cantalloube, F.} and {Lefranc, L.-X.} and {Le Coroller, H.} and others},
  year          = 2022,
  journal       = {\aap},
  volume        = 664,
  pages         = {A139}
}

@ARTICLE{HabEx_2020,
       author = {{Gaudi}, B. Scott and {Seager}, Sara and {Mennesson}, Bertrand and {Kiessling}, Alina and {Warfield}, Keith and {Cahoy}, Kerri and {Clarke}, John T. and {Domagal-Goldman}, Shawn and {Feinberg}, Lee and {Guyon}, Olivier and {Kasdin}, Jeremy and {Mawet}, Dimitri and {Plavchan}, Peter and {Robinson}, Tyler and {Rogers}, Leslie and {Scowen}, Paul and {Somerville}, Rachel and {Stapelfeldt}, Karl and {Stark}, Christopher and {Stern}, Daniel and {Turnbull}, Margaret and {Amini}, Rashied and {Kuan}, Gary and {Martin}, Stefan and {Morgan}, Rhonda and {Redding}, David and {Stahl}, H. Philip and {Webb}, Ryan and {Alvarez-Salazar}, Oscar and {Arnold}, William L. and {Arya}, Manan and {Balasubramanian}, Bala and {Baysinger}, Mike and {Bell}, Ray and {Below}, Chris and {Benson}, Jonathan and {Blais}, Lindsey and {Booth}, Jeff and {Bourgeois}, Robert and {Bradford}, Case and {Brewer}, Alden and {Brooks}, Thomas and {Cady}, Eric and {Caldwell}, Mary and {Calvet}, Rob and {Carr}, Steven and {Chan}, Derek and {Cormarkovic}, Velibor and {Coste}, Keith and {Cox}, Charlie and {Danner}, Rolf and {Davis}, Jacqueline and {Dewell}, Larry and {Dorsett}, Lisa and {Dunn}, Daniel and {East}, Matthew and {Effinger}, Michael and {Eng}, Ron and {Freebury}, Greg and {Garcia}, Jay and {Gaskin}, Jonathan and {Greene}, Suzan and {Hennessy}, John and {Hilgemann}, Evan and {Hood}, Brad and {Holota}, Wolfgang and {Howe}, Scott and {Huang}, Pei and {Hull}, Tony and {Hunt}, Ron and {Hurd}, Kevin and {Johnson}, Sandra and {Kissil}, Andrew and {Knight}, Brent and {Kolenz}, Daniel and {Kraus}, Oliver and {Krist}, John and {Li}, Mary and {Lisman}, Doug and {Mandic}, Milan and {Mann}, John and {Marchen}, Luis and {Marrese-Reading}, Colleen and {McCready}, Jonathan and {McGown}, Jim and {Missun}, Jessica and {Miyaguchi}, Andrew and {Moore}, Bradley and {Nemati}, Bijan and {Nikzad}, Shouleh and {Nissen}, Joel and {Novicki}, Megan and {Perrine}, Todd and {Pineda}, Claudia and {Polanco}, Otto and {Putnam}, Dustin and {Qureshi}, Atif and {Richards}, Michael and {Eldorado Riggs}, A.~J. and {Rodgers}, Michael and {Rud}, Mike and {Saini}, Navtej and {Scalisi}, Dan and {Scharf}, Dan and {Schulz}, Kevin and {Serabyn}, Gene and {Sigrist}, Norbert and {Sikkia}, Glory and {Singleton}, Andrew and {Shaklan}, Stuart and {Smith}, Scott and {Southerd}, Bart and {Stahl}, Mark and {Steeves}, John and {Sturges}, Brian and {Sullivan}, Chris and {Tang}, Hao and {Taras}, Neil and {Tesch}, Jonathan and {Therrell}, Melissa and {Tseng}, Howard and {Valente}, Marty and {Van Buren}, David and {Villalvazo}, Juan and {Warwick}, Steve and {Webb}, David and {Westerhoff}, Thomas and {Wofford}, Rush and {Wu}, Gordon and {Woo}, Jahning and {Wood}, Milana and {Ziemer}, John and {Arney}, Giada and {Anderson}, Jay and {Ma{\'\i}z-Apell{\'a}niz}, Jes{\'u}s and {Bartlett}, James and {Belikov}, Ruslan and {Bendek}, Eduardo and {Cenko}, Brad and {Douglas}, Ewan and {Dulz}, Shannon and {Evans}, Chris and {Faramaz}, Virginie and {Feng}, Y. Katherina and {Ferguson}, Harry and {Follette}, Kate and {Ford}, Saavik and {Garc{\'\i}a}, Miriam and {Geha}, Marla and {Gelino}, Dawn and {G{\"o}tberg}, Ylva and {Hildebrandt}, Sergi and {Hu}, Renyu and {Jahnke}, Knud and {Kennedy}, Grant and {Kreidberg}, Laura and {Isella}, Andrea and {Lopez}, Eric and {Marchis}, Franck and {Macri}, Lucas and {Marley}, Mark and {Matzko}, William and {Mazoyer}, Johan and {McCandliss}, Stephan and {Meshkat}, Tiffany and {Mordasini}, Christoph and {Morris}, Patrick and {Nielsen}, Eric and {Newman}, Patrick and {Petigura}, Erik and {Postman}, Marc and {Reines}, Amy and {Roberge}, Aki and {Roederer}, Ian and {Ruane}, Garreth and {Schwieterman}, Edouard and {Sirbu}, Dan and {Spalding}, Christopher and {Teplitz}, Harry and {Tumlinson}, Jason and {Turner}, Neal and {Werk}, Jessica and {Wofford}, Aida and {Wyatt}, Mark and {Young}, Amber and {Zellem}, Rob},
        title = "{The Habitable Exoplanet Observatory (HabEx) Mission Concept Study Final Report}",
      journal = {arXiv e-prints},
     keywords = {Astrophysics - Instrumentation and Methods for Astrophysics},
         year = 2020,
        month = jan,
          eid = {arXiv:2001.06683},
        pages = {arXiv:2001.06683},
          doi = {10.48550/arXiv.2001.06683},
archivePrefix = {arXiv},
       eprint = {2001.06683},
 primaryClass = {astro-ph.IM},
       adsurl = {https://ui.adsabs.harvard.edu/abs/2020arXiv200106683G},
      adsnote = {Provided by the SAO/NASA Astrophysics Data System}
}


@article{Laginja2022,
  title         = {{Wavefront tolerances of space-based segmented telescopes at very high contrast: Experimental validation}},
  author        = {{Laginja}, Iva and {Sauvage}, Jean-Fran{\c{c}}ois and {Mugnier}, Laurent M. and {Pueyo}, Laurent and {Perrin}, Marshall D. and {Noss}, James and others},
  year          = 2022,
  month         = feb,
  journal       = {\aap},
  volume        = 658,
  pages         = {A84},
  doi           = {10.1051/0004-6361/202142150},
  archiveprefix = {arXiv},
  eprint        = {2110.14685},
  adsurl        = {https://ui.adsabs.harvard.edu/abs/2022A&A...658A..84L}
}

@article{lunamorley2021,
  title         = {{Empirically Determining Substellar Cloud Compositions in the Era of the James Webb Space Telescope}},
  author        = {{Luna}, Jessica L. and {Morley}, Caroline V.},
  year          = 2021,
  month         = oct,
  journal       = {The Astrophysical Journal},
  volume        = 920,
  number        = 2,
  pages         = 146,
  adsurl        = {https://ui.adsabs.harvard.edu/abs/2021ApJ...920..146L}
}

@article{2006astro.ph.10518M,
  title         = {{Models of Polarized Light from Oceans and Atmospheres of Earth-like Extrasolar Planets}},
  author        = {{McCullough}, P.~R.},
  year          = 2006,
  month         = oct,
  journal       = {arXiv e-prints},
  pages         = {astro-ph/0610518},
  doi           = {10.48550/arXiv.astro-ph/0610518},
  archiveprefix = {arXiv},
  eprint        = {astro-ph/0610518},
  adsurl        = {https://ui.adsabs.harvard.edu/abs/2006astro.ph.10518M}
}

@article{Milli2017_phasefunction,
  title         = {{Near-infrared scattered light properties of the HR 4796 A dust ring. A measured scattering phase function from 13.6\textdegree to 166.6\textdegree}},
  author        = {{Milli}, J. and {Vigan}, A. and {Mouillet}, D. and {Lagrange}, A. -M. and {Augereau}, J. -C. and {Pinte}, C. and others},
  year          = 2017,
  month         = mar,
  journal       = {\aap},
  volume        = 599,
  pages         = {A108},
  doi           = {10.1051/0004-6361/201527838},
  archiveprefix = {arXiv},
  eprint        = {1701.00750},
  adsurl        = {https://ui.adsabs.harvard.edu/abs/2017A&A...599A.108M}
}

@book{decadal,
  title         = {{Pathways to Discovery in Astronomy and Astrophysics for the 2020s}},
  author        = {{National Academies of Sciences, Engineering, and Medicine}},
  year          = 2021,
  publisher     = {The National Academies Press},
  address       = {Washington, DC},
  doi           = {10.17226/26141},
  adsurl        = {https://ui.adsabs.harvard.edu/abs/2021pdaa.book.....N}
}

@article{reyle,
  title         = {{The 10 parsec sample in the Gaia era: first update}},
  author        = {{Reyle}, C. and {Jardine}, K. and {Fouque}, P. and {Caballero}, J.~A. and {Smart}, R.~L. and {Sozzetti}, A.},
  year          = 2023,
  month         = feb,
  journal       = {arXiv e-prints},
  pages         = {arXiv:2302.02810},
  doi           = {10.48550/arXiv.2302.02810},
  archiveprefix = {arXiv},
  eprint        = {2302.02810},
  adsurl        = {https://ui.adsabs.harvard.edu/abs/2023arXiv230202810R}
}

@article{rossi17,
  title         = {{Using polarimetry to retrieve the cloud coverage of Earth-like exoplanets}},
  author        = {{Rossi}, L. and {Stam}, D.~M.},
  year          = 2017,
  month         = nov,
  journal       = {\aap},
  volume        = 607,
  pages         = {A57},
  doi           = {10.1051/0004-6361/201730586},
  archiveprefix = {arXiv},
  eprint        = {1708.07009},
  adsurl        = {https://ui.adsabs.harvard.edu/abs/2017A&A...607A..57R}
}

@inproceedings{stam2008b,
  title         = {{Polarimetry of Mars with SPEX, an Innovative Spectropolarimeter}},
  author        = {{Stam}, D.~M. and {Laan}, E. and {Snik}, F. and {Karalidi}, T. and {Keller}, C. and {Ter Horst}, R. and others},
  year          = 2008,
  month         = nov,
  booktitle     = {Third International Workshop on The Mars Atmosphere: Modeling and Observations},
  publisher     = {Williamsburg, Virginia: LPI Contributions},
  volume        = 1447,
  pages         = 9078,
  adsurl        = {https://ui.adsabs.harvard.edu/abs/2008LPICo1447.9078S}
}

@ARTICLE{LUVOIR2019,
       author = {{The LUVOIR Team}},
        title = "{The LUVOIR Mission Concept Study Final Report}",
      journal = {arXiv e-prints},
     keywords = {Astrophysics - Instrumentation and Methods for Astrophysics},
         year = 2019,
        month = dec,
          eid = {arXiv:1912.06219},
        pages = {arXiv:1912.06219},
          doi = {10.48550/arXiv.1912.06219},
archivePrefix = {arXiv},
       eprint = {1912.06219},
 primaryClass = {astro-ph.IM},
       adsurl = {https://ui.adsabs.harvard.edu/abs/2019arXiv191206219T},
      adsnote = {Provided by the SAO/NASA Astrophysics Data System}
}


@article{treesandstam2019,
  title         = {{Blue, white, and red ocean planets. Simulations of orbital variations in flux and polarization colors}},
  author        = {{Trees}, V.~J.~H. and {Stam}, D.~M.},
  year          = 2019,
  month         = jun,
  journal       = {\aap},
  volume        = 626,
  pages         = {A129},
  doi           = {10.1051/0004-6361/201935399},
  archiveprefix = {arXiv},
  eprint        = {1904.08922},
  adsurl        = {https://ui.adsabs.harvard.edu/abs/2019A&A...626A.129T}
}

@article{2022A&A...664A.172T,
  title         = {{Ocean signatures in the total flux and polarization spectra of Earth-like exoplanets}},
  author        = {{Trees}, V.~J.~H. and {Stam}, D.~M.},
  year          = 2022,
  month         = aug,
  journal       = {\aap},
  volume        = 664,
  pages         = {A172},
  doi           = {10.1051/0004-6361/202243591},
  archiveprefix = {arXiv},
  eprint        = {2205.05669},
  adsurl        = {https://ui.adsabs.harvard.edu/abs/2022A&A...664A.172T}
}

@article{2008Icar..195..927W,
  title         = {{Detecting the glint of starlight on the oceans of distant planets}},
  author        = {{Williams}, Darren M. and {Gaidos}, Eric},
  year          = 2008,
  month         = jun,
  journal       = {Icarus},
  volume        = 195,
  number        = 2,
  pages         = {927--937},
  doi           = {10.1016/j.icarus.2008.01.002},
  adsurl        = {https://adsabs.harvard.edu/abs/2008Icar..195..927W}
}
@ARTICLE{Russell1916,
       author = {{Russell}, Henry Norris},
        title = "{On the Albedo of the Planets and Their Satellites}",
      journal = {\apj},
         year = 1916,
        month = apr,
       volume = {43},
        pages = {173-196},
          doi = {10.1086/142244},
       adsurl = {https://ui.adsabs.harvard.edu/abs/1916ApJ....43..173R},
      adsnote = {Provided by the SAO/NASA Astrophysics Data System}
}


@article{Zugger_2010,
  title         = {{Light Scattering From Exoplanet Oceans And Atmospheres}},
  author        = {{Zugger}, M. E. and {Kasting}, J. F. and {Williams}, D. M. and {Kane}, T. J. and {Philbrick}, C. R.},
  year          = 2010,
  month         = oct,
  journal       = {\apj},
  volume        = 723,
  number        = 2,
  pages         = {1168--1179},
  doi           = {10.1088/0004-637x/723/2/1168},
  adsurl        = {https://adsabs.harvard.edu/abs/2010ApJ...723.1168Z}
}

@article{2014A&A...566L...1G,
  title         = {{Glory revealed in disk-integrated photometry of Venus}},
  author        = {{Garc{\'\i}a Mu{\~n}oz}, A. and {P{\'e}rez-Hoyos}, S. and {S{\'a}nchez-Lavega}, A.},
  year          = 2014,
  month         = jun,
  journal       = {\aap},
  volume        = 566,
  pages         = {L1},
  doi           = {10.1051/0004-6361/201423531},
  archiveprefix = {arXiv},
  eprint        = {1406.0277},
  adsurl        = {https://ui.adsabs.harvard.edu/abs/2014A&A...566L...1G}
}

@article{2018MNRAS.480.1613B,
  title         = {{Polarized radiative transfer in planetary atmospheres and the polarization of exoplanets}},
  author        = {{Bailey}, Jeremy and {Kedziora-Chudczer}, Lucyna and {Bott}, Kimberly},
  year          = 2018,
  month         = oct,
  journal       = {\mnras},
  volume        = 480,
  number        = 2,
  pages         = {1613--1625},
  doi           = {10.1093/mnras/sty1892},
  archiveprefix = {arXiv},
  eprint        = {1807.04443},
  adsurl        = {https://ui.adsabs.harvard.edu/abs/2018MNRAS.480.1613B}
}

@article{2011Icar..211..722B,
  title         = {{Wave constraints for Titan{\textquoteright}s Jingpo Lacus and Kraken Mare from VIMS specular reflection lightcurves}},
  author        = {{Barnes}, Jason W. and {Soderblom}, Jason M. and {Brown}, Robert H. and {Soderblom}, Laurence A. and {Stephan}, Katrin and {Jaumann}, Ralf and {Le Mou{\'e}lic}, St{\'e}phane and {Rodriguez}, Sebastien and {Sotin}, Christophe and {Buratti}, Bonnie J. and {Baines}, Kevin H. and {Clark}, Roger N. and {Nicholson}, Philip D.},
  year          = 2011,
  month         = jan,
  journal       = {\icarus},
  volume        = 211,
  number        = 1,
  pages         = {722--731},
  doi           = {10.1016/j.icarus.2010.09.022},
  adsurl        = {https://ui.adsabs.harvard.edu/abs/2011Icar..211..722B}
}

@article{Zugger_2011,
  title         = {{Searching For Water Earths In The Near-infrared}},
  author        = {{Zugger}, M. E. and {Kasting}, J. F. and {Williams}, D. M. and {Kane}, T. J. and {Philbrick}, C. R.},
  year          = 2011,
  month         = aug,
  journal       = {\apj},
  volume        = 739,
  number        = 1,
  pages         = 12,
  doi           = {10.1088/0004-637x/739/1/12},
  adsurl        = {https://adsabs.harvard.edu/abs/2011ApJ...739...12Z}
}

@article{betremieux2014,
  title         = {{Impact of atmospheric refraction: how deeply can we probe exo-Earth's atmospheres during primary eclipse observations?}},
  author        = {B{\'e}tr{\'e}mieux, Yan and Kaltenegger, Lisa},
  year          = 2014,
  journal       = {The Astrophysical Journal},
  publisher     = {IOP Publishing},
  volume        = 791,
  number        = 1,
  pages         = 7
}

@article{bailey2018,
  title         = {{Polarized radiative transfer in planetary atmospheres and the polarization of exoplanets}},
  author        = {Bailey, Jeremy and Kedziora-Chudczer, Lucyna and Bott, Kimberly},
  year          = 2018,
  journal       = {Monthly Notices of the Royal Astronomical Society},
  publisher     = {Oxford University Press},
  volume        = 480,
  number        = 2,
  pages         = {1613--1625}
}

@article{bailey2007,
  title         = {{Rainbows, Polarization, and the Search for Habitable Planets}},
  author        = {{Bailey}, Jeremy},
  year          = 2007,
  month         = 4,
  adsurl        = {https://adsabs.harvard.edu/abs/2007AsBio...7..320B},
  doi           = {10.1089/ast.2006.0039},
  journal       = {Astrobiology},
  number        = 2,
  pages         = {320--332},
  volume        = 7,
}

@article{baldridge2009,
  title         = {{The ASTER spectral library version 2.0}},
  author        = {Baldridge, Alice M and Hook, SJ and Grove, CI and Rivera, GJRSoE},
  year          = 2009,
  journal       = {Remote Sensing of Environment},
  publisher     = {Elsevier},
  volume        = 113,
  number        = 4,
  pages         = {711--715}
}

@article{barstow2016,
  title         = {{Habitable worlds with JWST: transit spectroscopy of the TRAPPIST-1 system?}},
  author        = {Barstow, Joanna K and Irwin, Patrick GJ},
  year          = 2016,
  journal       = {Monthly Notices of the Royal Astronomical Society: Letters},
  publisher     = {The Royal Astronomical Society},
  volume        = 461,
  number        = 1,
  pages         = {L92--L96}
}

@article{bazzon2013,
  title         = {{Measurement of the earthshine polarization in the B, V, R, and I bands as function of phase}},
  author        = {Bazzon, Andreas and Schmid, Hans Martin and Gisler, Daniel},
  year          = 2013,
  journal       = {Astronomy \& Astrophysics},
  publisher     = {EDP Sciences},
  volume        = 556,
  pages         = {A117}
}

@article{brandt2014,
  title         = {{Prospects for detecting oxygen, water, and chlorophyll on an exo-Earth}},
  author        = {Brandt, Timothy D and Spiegel, David S},
  year          = 2014,
  journal       = {Proceedings of the National Academy of Sciences},
  publisher     = {National Acad Sciences},
  volume        = 111,
  number        = 37,
  pages         = {13278--13283}
}

@article{bryson2020,
  title         = {{The Occurrence of Rocky Habitable-zone Planets around Solar-like Stars from Kepler Data}},
  author        = {Bryson, Steve and Kunimoto, Michelle and Kopparapu, Ravi K and Coughlin, Jeffrey L and Borucki, William J and Koch, David and others},
  year          = 2020,
  journal       = {The Astronomical Journal},
  publisher     = {IOP Publishing},
  volume        = 161,
  number        = 1,
  pages         = 36
}

@article{charbonneau2009,
  title         = {{A super-Earth transiting a nearby low-mass star}},
  author        = {Charbonneau, David and Berta, Zachory K and Irwin, Jonathan and Burke, Christopher J and Nutzman, Philip and Buchhave, Lars A and others},
  year          = 2009,
  journal       = {Nature},
  publisher     = {Nature Publishing Group},
  volume        = 462,
  number        = 7275,
  pages         = {891--894}
}

@article{cotton2017,
  title         = {{The intrinsic and interstellar broad-band linear polarization of nearby FGK dwarfs}},
  author        = {Cotton, Daniel V and Marshall, Jonathan P and Bailey, Jeremy and Kedziora-Chudczer, Lucyna and Bott, Kimberly and Marsden, Stephen C and others},
  year          = 2017,
  journal       = {Monthly Notices of the Royal Astronomical Society},
  publisher     = {Oxford University Press},
  volume        = 467,
  number        = 1,
  pages         = {873--897}
}

@article{daimonmasumura2007,
  title         = {{Measurement of the refractive index of distilled water from the near-infrared region to the ultraviolet region}},
  author        = {Daimon, Masahiko and Masumura, Akira},
  year          = 2007,
  journal       = {Applied optics},
  publisher     = {Optical Society of America},
  volume        = 46,
  number        = 18,
  pages         = {3811--3820}
}

@article{deHaan1987,
  title         = {{The adding method for multiple scattering calculations of polarized light}},
  author        = {de Haan, Johan F and Bosma, PB and Hovenier, JW},
  year          = 1987,
  journal       = {Astronomy and astrophysics},
  volume        = 183,
  pages         = {371--391}
}

@article{derooijvanderstap1984,
  title         = {{Expansion of Mie scattering matrices in generalized spherical functions}},
  author        = {De Rooij, WA and Van der Stap, CCAH},
  year          = 1984,
  journal       = {Astronomy and Astrophysics},
  volume        = 131,
  pages         = {237--248}
}

@article{dittmann2017,
  title         = {{A temperate rocky super-Earth transiting a nearby cool star}},
  author        = {Dittmann, Jason A and Irwin, Jonathan M and Charbonneau, David and Bonfils, Xavier and Astudillo-Defru, Nicola and Haywood, Rapha{\"e}lle D and others},
  year          = 2017,
  journal       = {Nature},
  publisher     = {Nature Publishing Group},
  volume        = 544,
  number        = 7650,
  pages         = {333--336}
}

@article{dollfus1975,
  title         = {{Optical polarimetry of the Galilean satellites of Jupiter}},
  author        = {Dollfus, Audouin},
  year          = 1975,
  journal       = {Icarus},
  publisher     = {Elsevier},
  volume        = 25,
  number        = 3,
  pages         = {416--431}
}

@article{fauchez2017,
  title         = {{The O2 a-band in the fluxes and polarization of starlight reflected by earth-like exoplanets}},
  author        = {Fauchez, Thomas and Rossi, Loic and Stam, Daphne M},
  year          = 2017,
  journal       = {The Astrophysical Journal},
  publisher     = {IOP Publishing},
  volume        = 842,
  number        = 1,
  pages         = 41
}

@article{fauchez2021,
  title         = {{TRAPPIST Habitable Atmosphere Intercomparison (THAI) workshop report}},
  author        = {Fauchez, Thomas J and Turbet, Martin and Sergeev, Denis E and Mayne, Nathan J and Spiga, Aymeric and Sohl, Linda and others},
  year          = 2021,
  journal       = {The Planetary Science Journal},
  publisher     = {IOP Publishing},
  volume        = 2,
  number        = 3,
  pages         = 106
}

@article{fauchez2020,
  title         = {{Sensitive probing of exoplanetary oxygen via mid-infrared collisional absorption}},
  author        = {Fauchez, Thomas J and Villanueva, Geronimo L and Schwieterman, Edward W and Turbet, Martin and Arney, Giada and Pidhorodetska, Daria and others},
  year          = 2020,
  journal       = {Nature Astronomy},
  publisher     = {Nature Publishing Group},
  volume        = 4,
  number        = 4,
  pages         = {372--376}
}

@article{feng2018,
  title         = {{Characterizing Earth analogs in reflected light: atmospheric retrieval studies for future space telescopes}},
  author        = {Feng, Y Katherina and Robinson, Tyler D and Fortney, Jonathan J and Lupu, Roxana E and Marley, Mark S and Lewis, Nikole K and others},
  year          = 2018,
  journal       = {The Astronomical Journal},
  publisher     = {IOP Publishing},
  volume        = 155,
  number        = 5,
  pages         = 200
}

@article{gaudi2018,
  title         = {{The habitable exoplanet observatory (HabEx) mission concept study interim report}},
  author        = {Gaudi, B Scott and Seager, Sara and Mennesson, Bertrand and Kiessling, Alina and Warfield, Keith and Kuan, Gary and others},
  year          = 2018,
  journal       = {arXiv preprint arXiv:1809.09674}
}

@article{gialluca2021,
  title         = {{Characterizing Atmospheres of Transiting Earth-like Exoplanets Orbiting M Dwarfs with James Webb Space Telescope}},
  author        = {Gialluca, Megan T and Robinson, Tyler D and Rugheimer, Sarah and Wunderlich, Fabian},
  year          = 2021,
  journal       = {Publications of the Astronomical Society of the Pacific},
  publisher     = {IOP Publishing},
  volume        = 133,
  number        = 1023,
  pages         = {054401}
}

@article{gordon2022,
  title         = {{The HITRAN2020 molecular spectroscopic database}},
  author        = {Gordon, Iouli E and Rothman, Laurence S and Hargreaves, RJ and Hashemi, R and Karlovets, EV and Skinner, FM and others},
  year          = 2022,
  journal       = {Journal of Quantitative Spectroscopy and Radiative Transfer},
  publisher     = {Elsevier},
  volume        = 277,
  pages         = 107949
}

@misc{goudfrooij2015,
  title         = {{The Single-Object Slitless Spectroscopy Mode of Webb’s NIRISS Instrument}},
  author        = {Goudfrooij, Paul and Albert, Lo{\"\i}c and Doyon, Ren{\'e}},
  year          = 2015,
  publisher     = {STScI Newsletter}
}

@article{greene2016,
  title         = {{Characterizing transiting exoplanet atmospheres with JWST}},
  author        = {Greene, Thomas P and Line, Michael R and Montero, Cezar and Fortney, Jonathan J and Lustig-Yaeger, Jacob and Luther, Kyle},
  year          = 2016,
  journal       = {The Astrophysical Journal},
  publisher     = {IOP Publishing},
  volume        = 817,
  number        = 1,
  pages         = 17
}

@article{groot2020,
  title         = {{Colors of an Earth-like exoplanet}},
  author        = {{Groot}, A. and {Rossi}, L. and {Trees}, V. J. H. and {Cheung}, J. C. Y. and {Stam}, D. M.},
  year          = 2020,
  month         = 8,
  adsurl        = {https://adsabs.harvard.edu/abs/2020A&A...640A.121G},
  doi           = {10.1051/0004-6361/202037569},
  journal       = {\aap},
  pages         = {A121},
  volume        = 640,
}

@article{hale1973,
  title         = {{Optical Constants of Water in the 200-nm to 200-$\upmu$m Wavelength Region}},
  author        = {{Hale}, George M. and {Querry}, Marvin R.},
  year          = 1973,
  month         = 3,
  adsurl        = {https://adsabs.harvard.edu/abs/1973ApOpt..12..555H},
  doi           = {10.1364/ao.12.000555},
  journal       = {\ao},
  number        = 3,
  pages         = 555,
  volume        = 12,
}

@article{han1994,
  title         = {{Near-global survey of effective droplet radii in liquid water clouds using ISCCP data}},
  author        = {Han, Qingyuan and Rossow, William B and Lacis, Andrew A},
  year          = 1994,
  journal       = {Journal of Climate},
  volume        = 7,
  number        = 4,
  pages         = {465--497}
}

@article{2010ApJ...721L..67R,
  title         = {{Detecting Oceans on Extrasolar Planets Using the Glint Effect}},
  author        = {{Robinson}, Tyler D. and {Meadows}, Victoria S. and {Crisp}, David},
  year          = 2010,
  month         = sep,
  journal       = {\apjl},
  volume        = 721,
  number        = 1,
  pages         = {L67-L71},
  doi           = {10.1088/2041-8205/721/1/L67},
  archiveprefix = {arXiv},
  eprint        = {1008.3864},
  adsurl        = {https://ui.adsabs.harvard.edu/abs/2010ApJ...721L..67R}
}

@article{2012ApJ...752L...3C,
  title         = {{A False Positive for Ocean Glint on Exoplanets: The Latitude-Albedo Effect}},
  author        = {{Cowan}, Nicolas B. and {Abbot}, Dorian S. and {Voigt}, Aiko},
  year          = 2012,
  month         = jun,
  journal       = {\apjl},
  volume        = 752,
  number        = 1,
  pages         = {L3},
  doi           = {10.1088/2041-8205/752/1/L3},
  archiveprefix = {arXiv},
  eprint        = {1205.1058},
  adsurl        = {https://ui.adsabs.harvard.edu/abs/2012ApJ...752L...3C}
}

@article{hansenhovenier1974,
  title         = {{Interpretation of the polarization of Venus.}},
  author        = {{Hansen}, J.~E. and {Hovenier}, J.~W.},
  year          = 1974,
  month         = may,
  journal       = {Journal of the Atmospheric Sciences},
  volume        = 31,
  pages         = {1137--1160},
  doi           = {10.1175/1520-0469(1974)031<1137:iotpov>2.0.co;2},
  adsurl        = {https://ui.adsabs.harvard.edu/abs/1974JAtS...31.1137H},
}

@article{hansentravis1974,
  title         = {{Light scattering in planetary atmospheres}},
  author        = {{Hansen}, James E. and {Travis}, Larry D.},
  year          = 1974,
  month         = 10,
  adsurl        = {https://adsabs.harvard.edu/abs/1974SSRv...16..527H},
  doi           = {10.1007/bf00168069},
  journal       = {\ssr},
  number        = 4,
  pages         = {527--610},
  volume        = 16,
}

@article{hinkley2022,
  title         = {{The JWST Early Release Science Program for the Direct Imaging \& Spectroscopy of Exoplanetary Systems}},
  author        = {Hinkley, Sasha and Carter, Aarynn L and Ray, Shrishmoy and Skemer, Andrew and Biller, Beth and Choquet, Elodie and others},
  year          = 2022,
  journal       = {arXiv preprint arXiv:2205.12972},
}
@book{hovenier2004,
  title         = {{Transfer of Polarized Light in Planetary Atmospheres: Basic Concepts and Practical Methods}},
  author        = {Hovenier, Joop W and Van der Mee, Cornelis VM and Domke, Helmut},
  year          = 2004,
  publisher     = {Dordrecht: Kluwer Academic Publishers (Springer)},
  volume        = 318
}

@article{hovenierstam2007,
  title         = {{Polarized light for horizontal incidence and reflection by plane-parallel atmospheres}},
  author        = {Hovenier, JW and Stam, DM},
  year          = 2007,
  journal       = {Journal of Quantitative Spectroscopy and Radiative Transfer},
  publisher     = {Elsevier},
  volume        = 107,
  number        = 1,
  pages         = {83--90}
}

@article{hovenier1983,
  title         = {{Fundamental relationships relevant to the transfer of polarized light in a scattering atmosphere}},
  author        = {Hovenier, JW and Van Der Mee, Cornelis Victor Maria},
  year          = 1983,
  journal       = {Astronomy and Astrophysics},
  volume        = 128,
  pages         = {1--16}
}

@article{hovenier1970,
  title         = {{Principles of symmetry for polarization studies of planets}},
  author        = {Hovenier, JW},
  year          = 1970,
  journal       = {Astronomy and Astrophysics},
  volume        = 7,
  pages         = 86
}

@article{jackman2001,
  title         = {{Northern Hemisphere atmospheric effects due to the July 2000 solar proton event}},
  author        = {Jackman, Charles H and McPeters, Richard D and Labow, Gordon J and Fleming, Eric L and Praderas, Cid J and Russell, James M},
  year          = 2001,
  journal       = {Geophysical Research Letters},
  publisher     = {Wiley Online Library},
  volume        = 28,
  number        = 15,
  pages         = {2883--2886}
}

@article{kaltenegger2009,
  title         = {{Transits of Earth-like planets}},
  author        = {Kaltenegger, Lisa and Traub, Wesley A},
  year          = 2009,
  journal       = {The Astrophysical Journal},
  publisher     = {IOP Publishing},
  volume        = 698,
  number        = 1,
  pages         = 519
}

@article{karalidi2013flux,
  title         = {{Flux and polarization signals of spatially inhomogeneous gaseous exoplanets}},
  author        = {{Karalidi}, T. and {Stam}, D. M. and {Guirado}, D.},
  year          = 2013,
  month         = 7,
  adsurl        = {https://adsabs.harvard.edu/abs/2013A&A...555A.127K},
  doi           = {10.1051/0004-6361/201321492},
  journal       = {\aap},
  pages         = {A127},
  volume        = 555,
}

@article{karalidi2011,
  title         = {{Flux and polarisation spectra of water clouds on exoplanets}},
  author        = {{Karalidi}, T. and {Stam}, D. M. and {Hovenier}, J. W.},
  year          = 2011,
  month         = 5,
  adsurl        = {https://adsabs.harvard.edu/abs/2011A&A...530A..69K},
  doi           = {10.1051/0004-6361/201116449},
  journal       = {\aap},
  pages         = {A69},
  volume        = 530,
}

@article{karalidi2012rainbow,
  title         = {{Looking for the rainbow on exoplanets covered by liquid and icy water clouds}},
  author        = {{Karalidi}, T. and {Stam}, D. M. and {Hovenier}, J. W.},
  year          = 2012,
  month         = 11,
  adsurl        = {https://adsabs.harvard.edu/abs/2012A&A...548A..90K},
  doi           = {10.1051/0004-6361/201220245},
  journal       = {\aap},
  pages         = {A90},
  volume        = 548,
}

@article{karalidi2012LOUPE,
  title         = {{Observing the Earth as an exoplanet with LOUPE, the lunar observatory for unresolved polarimetry of Earth}},
  author        = {{Karalidi}, T. and {Stam}, D.M. and {Snik}, F. and {Bagnulo}, S. and {Sparks}, W.B. and others},
  year          = 2012,
  month         = 12,
  adsurl        = {https://adsabs.harvard.edu/abs/2012P&SS...74..202K},
  doi           = {10.1016/j.pss.2012.05.017},
  journal       = {Planetary and Space Science},
  number        = 1,
  pages         = {202--207},
  volume        = 74,
}

@article{karalidistam2012,
  title         = {{Modeled flux and polarization signals of horizontally inhomogeneous exoplanets applied to Earth-like planets}},
  author        = {{Karalidi}, T. and {Stam}, D. M.},
  year          = 2012,
  month         = 10,
  adsurl        = {https://adsabs.harvard.edu/abs/2012A&A...546A..56K},
  doi           = {10.1051/0004-6361/201219297},
  journal       = {\aap},
  pages         = {A56},
  volume        = 546,
}


@article{kemp1987,
  title         = {{The optical polarization of the Sun measured at a sensitivity of parts in ten million}},
  author        = {{Kemp}, J. C. and {Henson}, G. D. and {Steiner}, C. T. and {Powell}, E. R.},
  year          = 1987,
  month         = 3,
  adsurl        = {https://adsabs.harvard.edu/abs/1987Natur.326..270K},
  doi           = {10.1038/326270a0},
  journal       = {\nat},
  number        = 6110,
  pages         = {270--273},
  volume        = 326,
}


@book{king2004,
  title         = {{EOS Data Products Handbook, Volume 1}},
  author        = {King, MD and Closs, J and Spangler, S and Greenstone, R and Wharton, S and Myers, M},
  year          = 2004,
  publisher     = {Greenbelt: NASA Goddard Space Flight Center}
}

@article{kopparla2018,
  title         = {{Observing Oceans in Tightly Packed Planetary Systems: Perspectives from Polarization Modeling of the TRAPPIST-1 System}},
  author        = {{Kopparla}, Pushkar and {Natraj}, Vijay and {Crisp}, David and {Bott}, Kimberly and {Swain}, Mark R and {Yung}, Yuk L},
  year          = 2018,
  month         = 9,
  adsurl        = {https://adsabs.harvard.edu/abs/2018AJ....156..143K},
  doi           = {10.3847/1538-3881/aad9a1},
  journal       = {\aj},
  number        = 4,
  pages         = 143,
  volume        = 156,
}


@article{kreidberg2014,
  title         = {{Clouds in the atmosphere of the super-Earth exoplanet GJ 1214b}},
  author        = {Kreidberg, Laura and Bean, Jacob L and D{\'e}sert, Jean-Michel and Benneke, Bj{\"o}rn and Deming, Drake and Stevenson, Kevin B and others},
  year          = 2014,
  journal       = {Nature},
  publisher     = {Nature Publishing Group},
  volume        = 505,
  number        = 7481,
  pages         = {69--72}
}

@article{leung2020,
  title         = {{High-resolution spectral discriminants of ocean loss for M-dwarf terrestrial exoplanets}},
  author        = {Leung, Michaela and Meadows, Victoria S and Lustig-Yaeger, Jacob},
  year          = 2020,
  journal       = {The Astronomical Journal},
  publisher     = {IOP Publishing},
  volume        = 160,
  number        = 1,
  pages         = 11
}

@article{lincowski2018,
  title         = {{Evolved climates and observational discriminants for the TRAPPIST-1 planetary system}},
  author        = {Lincowski, Andrew P and Meadows, Victoria S and Crisp, David and Robinson, Tyler D and Luger, Rodrigo and Lustig-Yaeger, Jacob and others},
  year          = 2018,
  journal       = {The Astrophysical Journal},
  publisher     = {IOP Publishing},
  volume        = 867,
  number        = 1,
  pages         = 76
}

@article{line2013,
  title         = {{A near-infrared transmission spectrum for the warm Saturn HAT-P-12b}},
  author        = {Line, Michael R and Knutson, Heather and Deming, Drake and Wilkins, Ashlee and Desert, Jean-Michel},
  year          = 2013,
  journal       = {The Astrophysical Journal},
  publisher     = {IOP Publishing},
  volume        = 778,
  number        = 2,
  pages         = 183
}

@article{livengood2011,
  title         = {{Properties of an Earth-like planet orbiting a Sun-like star: Earth observed by the EPOXI mission}},
  author        = {Livengood, Timothy A and Deming, L Drake and A'Hearn, Michael F and Charbonneau, David and Hewagama, Tilak and Lisse, Carey M and others},
  year          = 2011,
  journal       = {Astrobiology},
  publisher     = {Mary Ann Liebert, Inc. 140 Huguenot Street, 3rd Floor New Rochelle, NY 10801 USA},
  volume        = 11,
  number        = 9,
  pages         = {907--930}
}

@article{lopez2019,
  title         = {{Optimizing Ground-based Observations of O2 in Earth Analogs}},
  author        = {Lopez-Morales, Mercedes and Ben-Ami, Sagi and Gonzalez-Abad, Gonzalo and Garcia-Mejia, Juliana and Dietrich, Jeremy and Szentgyorgyi, Andrew},
  year          = 2019,
  journal       = {The Astronomical Journal},
  publisher     = {IOP Publishing},
  volume        = 158,
  number        = 1,
  pages         = 24
}

@article{lustig2019,
  title         = {{The Detectability and Characterization of the TRAPPIST-1 Exoplanet Atmospheres with JWST}},
  author        = {{Lustig-Yaeger}, Jacob and {Meadows}, Victoria S. and {Lincowski}, Andrew P.},
  year          = 2019,
  month         = 6,
  adsurl        = {https://adsabs.harvard.edu/abs/2019AJ....158...27L},
  doi           = {10.3847/1538-3881/ab21e0},
  journal       = {\aj},
  number        = 1,
  pages         = 27,
  volume        = 158,
}

@article{marois2008,
  title         = {{Direct imaging of multiple planets orbiting the star HR 8799}},
  author        = {Marois, Christian and Macintosh, Bruce and Barman, Travis and Zuckerman, B and Song, Inseok and Patience, Jennifer and others},
  year          = 2008,
  journal       = {Science},
  publisher     = {American Association for the Advancement of Science},
  volume        = 322,
  number        = 5906,
  pages         = {1348--1352}
}

@book{mcclatchey1972,
  title         = {{Optical Properties of the Atmosphere (Third Edition)}},
  author        = {McClatchey, Robert A. and Fenn, R. and Selby, J. E. A. and Volz, F. E. and Garing, J. S.},
  year          = 1972,
  publisher     = {Hanscom AFB: United States Air Force Cambridge Research Laboratories},
  number        = {AFCRL-72.0497}
}

@article{meadows2018proxima,
  title         = {{The habitability of Proxima Centauri b: environmental states and observational discriminants}},
  author        = {Meadows, Victoria S and Arney, Giada N and Schwieterman, Edward W and Lustig-Yaeger, Jacob and Lincowski, Andrew P and Robinson, Tyler and others},
  year          = 2018,
  journal       = {Astrobiology},
  publisher     = {Mary Ann Liebert, Inc. 140 Huguenot Street, 3rd Floor New Rochelle, NY 10801 USA},
  volume        = 18,
  number        = 2,
  pages         = {133--189}
}

@article{meadows2018,
  title         = {{Exoplanet biosignatures: understanding oxygen as a biosignature in the context of its environment}},
  author        = {Meadows, Victoria S and Reinhard, Christopher T and Arney, Giada N and Parenteau, Mary N and Schwieterman, Edward W and Domagal-Goldman, Shawn D and others},
  year          = 2018,
  journal       = {Astrobiology},
  publisher     = {Mary Ann Liebert, Inc. 140 Huguenot Street, 3rd Floor New Rochelle, NY 10801 USA},
  volume        = 18,
  number        = 6,
  pages         = {630--662}
}

@article{meadows2017,
  title         = {{Reflections on O2 as a biosignature in exoplanetary atmospheres}},
  author        = {Meadows, Victoria S},
  year          = 2017,
  journal       = {Astrobiology},
  publisher     = {Mary Ann Liebert, Inc. 140 Huguenot Street, 3rd Floor New Rochelle, NY 10801 USA},
  volume        = 17,
  number        = 10,
  pages         = {1022--1052}
}

@article{meerdink2019,
  title         = {{The ECOSTRESS spectral library version 1.0}},
  author        = {Meerdink, Susan K and Hook, Simon J and Roberts, Dar A and Abbott, Elsa A},
  year          = 2019,
  journal       = {Remote Sensing of Environment},
  publisher     = {Elsevier},
  volume        = 230,
  pages         = 111196
}

@article{milespaez2014,
  title         = {{Simultaneous optical and near-infrared linear spectropolarimetry of the earthshine}},
  author        = {Miles-P{\'a}ez, PA and Pall{\'e}, E and Osorio, MR Zapatero},
  year          = 2014,
  journal       = {Astronomy \& Astrophysics},
  publisher     = {EDP Sciences},
  volume        = 562,
  pages         = {L5}
}

@article{milespaez2013,
  title         = {{Linear polarization of rapidly rotating ultracool dwarfs}},
  author        = {Miles-P{\'a}ez, Paulo Alberto and Osorio, MR Zapatero and Pall{\'e}, Enric and Ram{\'\i}rez, K Pe{\~n}a},
  year          = 2013,
  journal       = {Astronomy \& Astrophysics},
  publisher     = {EDP Sciences},
  volume        = 556,
  pages         = {A125}
}

@article{millarblanchaer2020,
  title         = {{Detection of Polarization due to Cloud Bands in the Nearby Luhman 16 Brown Dwarf Binary}},
  author        = {Millar-Blanchaer, Maxwell A and Girard, Julien H and Karalidi, Theodora and Marley, Mark S and van Holstein, Rob G and Sengupta, Sujan and others},
  year          = 2020,
  journal       = {The Astrophysical Journal},
  publisher     = {IOP Publishing},
  volume        = 894,
  number        = 1,
  pages         = 42
}

@book{mishchenko2002,
  title         = {{Scattering, absorption, and emission of light by small particles}},
  author        = {Mishchenko, Michael I and Travis, Larry D and Lacis, Andrew A},
  year          = 2002,
  publisher     = {Cambridge university press}
}

@article{misra2014,
  title         = {{The effects of refraction on transit transmission spectroscopy: application to Earth-like exoplanets}},
  author        = {Misra, Amit and Meadows, Victoria and Crisp, Dave},
  year          = 2014,
  journal       = {The Astrophysical Journal},
  publisher     = {IOP Publishing},
  volume        = 792,
  number        = 1,
  pages         = 61
}

@article{morley2015,
  title         = {{Thermal emission and reflected light spectra of super Earths with flat transmission spectra}},
  author        = {Morley, Caroline V and Fortney, Jonathan J and Marley, Mark S and Zahnle, Kevin and Line, Michael and Kempton, Eliza and others},
  year          = 2015,
  journal       = {The Astrophysical Journal},
  publisher     = {IOP Publishing},
  volume        = 815,
  number        = 2,
  pages         = 110
}

@article{palle2011,
  title         = {{Characterizing the atmospheres of transiting rocky planets around late-type dwarfs}},
  author        = {Pall{\'e}, E and Osorio, MR Zapatero and Mu{\~n}oz, A Garc{\'\i}a},
  year          = 2011,
  journal       = {The Astrophysical Journal},
  publisher     = {IOP Publishing},
  volume        = 728,
  number        = 1,
  pages         = 19
}

@article{palle2009,
  title         = {{Earth’s transmission spectrum from lunar eclipse observations}},
  author        = {Pall{\'e}, Enric and Osorio, Mar{\'\i}a Rosa Zapatero and Barrena, Rafael and Monta{\~n}{\'e}s-Rodr{\'\i}guez, Pilar and Mart{\'\i}n, Eduardo L},
  year          = 2009,
  journal       = {Nature},
  publisher     = {Nature Publishing Group},
  volume        = 459,
  number        = 7248,
  pages         = {814--816}
}

@article{paradise2022,
  title         = {{ExoPlaSim: Extending the Planet Simulator for exoplanets}},
  author        = {Paradise, Adiv and Macdonald, Evelyn and Menou, Kristen and Lee, Christopher and Fan, Bo Lin},
  year          = 2022,
  journal       = {Monthly Notices of the Royal Astronomical Society},
  publisher     = {Oxford University Press},
  volume        = 511,
  number        = 3,
  pages         = {3272--3303}
}

@article{peck1972,
  title         = {{Dispersion of air}},
  author        = {Peck, Edson R and Reeder, Kaye},
  year          = 1972,
  journal       = {JOSA},
  publisher     = {Optica Publishing Group},
  volume        = 62,
  number        = 8,
  pages         = {958--962}
}

@book{petty2006,
  title         = {{A First Course in Atmospheric Radiation}},
  author        = {Petty, Grant William},
  year          = 2006,
  publisher     = {Madison: Sundog Publishing}
}

@article{popefry1997,
  title         = {{Absorption spectrum (380--700 nm) of pure water. II. Integrating cavity measurements}},
  author        = {Pope, Robin M and Fry, Edward S},
  year          = 1997,
  journal       = {Applied optics},
  publisher     = {Optical Society of America},
  volume        = 36,
  number        = 33,
  pages         = {8710--8723}
}

@article{richard2012,
  title         = {{New section of the HITRAN database: Collision-induced absorption (CIA)}},
  author        = {Richard, Cyril and Gordon, Iouli E and Rothman, Laurence S and Abel, Martin and Frommhold, Lothar and Gustafsson, Magnus and others},
  year          = 2012,
  journal       = {Journal of Quantitative Spectroscopy and Radiative Transfer},
  publisher     = {Elsevier},
  volume        = 113,
  number        = 11,
  pages         = {1276--1285}
}

@book{robinson2018,
  title         = {{Characterizing Exoplanet Habitability, Handbook of Exoplanets}},
  author        = {Robinson, TD},
  year          = 2018,
  publisher     = {Berlin: Springer},
  editor        = {Deeg, H. J. and Belmonte, J. A.}
}

@article{rosenbush2002,
  title         = {{The phase-angle and longitude dependence of polarization for Callisto}},
  author        = {Rosenbush, Vera K},
  year          = 2002,
  journal       = {Icarus},
  publisher     = {Elsevier},
  volume        = 159,
  number        = 1,
  pages         = {145--155}
}

@article{rossi2018,
  title         = {{Circular polarization signals of cloudy (exo) planets}},
  author        = {Rossi, Lo{\"\i}c and Stam, Daphne M},
  year          = 2018,
  journal       = {Astronomy \& Astrophysics},
  publisher     = {EDP Sciences},
  volume        = 616,
  pages         = {A117}
}

@article{rothman2013,
  title         = {{The HITRAN2012 molecular spectroscopic database}},
  author        = {Rothman, Laurence S and Gordon, Iouli E and Babikov, Yury and Barbe, Alain and Benner, D Chris and Bernath, Peter F and others},
  year          = 2013,
  journal       = {Journal of Quantitative Spectroscopy and Radiative Transfer},
  publisher     = {Elsevier},
  volume        = 130,
  pages         = {4--50}
}

@article{schmid2011,
  title         = {{Long slit spectropolarimetry of Jupiter and Saturn}},
  author        = {Schmid, HM and Joos, F and Buenzli, E and Gisler, D},
  year          = 2011,
  journal       = {Icarus},
  publisher     = {Elsevier},
  volume        = 212,
  number        = 2,
  pages         = {701--713}
}

@article{seager2014,
  title         = {{The future of spectroscopic life detection on exoplanets}},
  author        = {Seager, Sara},
  year          = 2014,
  journal       = {Proceedings of the National Academy of Sciences},
  publisher     = {National Acad Sciences},
  volume        = 111,
  number        = 35,
  pages         = {12634--12640}
}

@phdthesis{segelstein1981,
  title         = {{The complex refractive index of water}},
  author        = {Segelstein, David J},
  year          = 1981,
  school        = {University of Missouri--Kansas City}
}

@article{sing2016,
  title         = {{A continuum from clear to cloudy hot-Jupiter exoplanets without primordial water depletion}},
  author        = {Sing, David K and Fortney, Jonathan J and Nikolov, Nikolay and Wakeford, Hannah R and Kataria, Tiffany and Evans, Thomas M and others},
  year          = 2016,
  journal       = {Nature},
  publisher     = {Nature Publishing Group},
  volume        = 529,
  number        = 7584,
  pages         = {59--62}
}

@article{spurr2006,
  title         = {{VLIDORT: A linearized pseudo-spherical vector discrete ordinate radiative transfer code for forward model and retrieval studies in multilayer multiple scattering media}},
  author        = {Spurr, Robert JD},
  year          = 2006,
  journal       = {Journal of Quantitative Spectroscopy and Radiative Transfer},
  publisher     = {Elsevier},
  volume        = 102,
  number        = 2,
  pages         = {316--342}
}

@incollection{spurr2008,
  title         = {{LIDORT and VLIDORT: Linearized pseudo-spherical scalar and vector discrete ordinate radiative transfer models for use in remote sensing retrieval problems}},
  author        = {Spurr, Robert},
  year          = 2008,
  booktitle     = {Light Scattering Reviews 3},
  publisher     = {Berlin: Springer},
  pages         = {229--275}
}

@article{stam2006,
  title         = {{Integrating polarized light over a planetary disk applied to starlight reflected by extrasolar planets}},
  author        = {Stam, DM and De Rooij, WA and Cornet, G and Hovenier, JW},
  year          = 2006,
  journal       = {Astronomy \& Astrophysics},
  publisher     = {EDP Sciences},
  volume        = 452,
  number        = 2,
  pages         = {669--683}
}

@article{stam2004,
  title         = {{Using polarimetry to detect and characterize Jupiter-like extrasolar planets}},
  author        = {Stam, DM and Hovenier, JW and Waters, LBFM},
  year          = 2004,
  journal       = {Astronomy \& Astrophysics},
  publisher     = {EDP Sciences},
  volume        = 428,
  number        = 2,
  pages         = {663--672}
}

@article{stam2005,
  title         = {{Errors in calculated planetary phase functions and albedos due to neglecting polarization}},
  author        = {Stam, DM and Hovenier, JW},
  year          = 2005,
  journal       = {Astronomy \& Astrophysics},
  publisher     = {EDP Sciences},
  volume        = 444,
  number        = 1,
  pages         = {275--286}
}

@article{stam2008,
  title         = {{Spectropolarimetric signatures of Earth-like extrasolar planets}},
  author        = {{Stam}, D. M.},
  year          = 2008,
  month         = 3,
  doi           = {10.1051/0004-6361:20078358},
  journal       = {\aap},
  number        = 3,
  pages         = {989--1007},
  volume        = 482,
  adsurl        = {https://ui.adsabs.harvard.edu/abs/2008A&A...482..989S},
}

@article{sterzik2020,
  title         = {{The cloudbow of planet Earth observed in polarisation}},
  author        = {{Sterzik}, Michael F. and {Bagnulo}, Stefano and {Emde}, Claudia and {Manev}, Mihail},
  year          = 2020,
  month         = 7,
  adsurl        = {https://adsabs.harvard.edu/abs/2020A&A...639A..89S},
  doi           = {10.1051/0004-6361/202038270},
  journal       = {\aap},
  pages         = {A89},
  volume        = 639,
}

@article{sterzik2012,
  title         = {{Biosignatures as revealed by spectropolarimetry of Earthshine}},
  author        = {Sterzik, Michael F and Bagnulo, Stefano and Palle, Enric},
  year          = 2012,
  journal       = {Nature},
  publisher     = {Nature Publishing Group},
  volume        = 483,
  number        = 7387,
  pages         = {64--66}
}

@article{sterzik2019,
  title         = {{Spectral and temporal variability of Earth observed in polarization}},
  author        = {{Sterzik}, Michael F. and {Bagnulo}, Stefano and {Stam}, Daphne M. and {Emde}, Claudia and {Manev}, Mihail},
  year          = 2019,
  month         = 1,
  adsurl        = {https://adsabs.harvard.edu/abs/2019A&A...622A..41S},
  doi           = {10.1051/0004-6361/201834213},
  journal       = {\aap},
  pages         = {A41},
  volume        = 622,
}

@article{stolker2017,
  title         = {{Polarized scattered light from self-luminous exoplanets-Three-dimensional scattering radiative transfer with ARTES}},
  author        = {Stolker, Tomas and Min, Michiel and Stam, Daphne M and Molli{\`e}re, Paul and Dominik, Carsten and Waters, LBFM},
  year          = 2017,
  journal       = {Astronomy \& Astrophysics},
  publisher     = {EDP Sciences},
  volume        = 607,
  pages         = {A42}
}

@article{suissa2020,
  title         = {{Dim prospects for transmission spectra of ocean Earths around M stars}},
  author        = {Suissa, Gabrielle and Mandell, Avi M and Wolf, Eric T and Villanueva, Geronimo L and Fauchez, Thomas and kumar Kopparapu, Ravi},
  year          = 2020,
  journal       = {The Astrophysical Journal},
  publisher     = {IOP Publishing},
  volume        = 891,
  number        = 1,
  pages         = 58
}

@article{takahashi2021,
  title         = {{Polarimetric signature of the oceans as detected by near-infrared Earthshine observations}},
  author        = {{Takahashi}, J. and {Itoh}, Y. and {Matsuo}, T. and {Oasa}, Y. and {Bach}, Y. P. and {Ishiguro}, M.},
  year          = 2021,
  month         = 9,
  adsurl        = {https://adsabs.harvard.edu/abs/2021A&A...653A..99T},
  doi           = {10.1051/0004-6361/202039331},
  journal       = {\aap},
  pages         = {A99},
  volume        = 653,
}

@article{takahashi2013,
  title         = {{Phase variation of earthshine polarization spectra}},
  author        = {Takahashi, Jun and Itoh, Yoichi and Akitaya, Hiroshi and Okazaki, Akira and Kawabata, Koji and Oasa, Yumiko and others},
  year          = 2013,
  journal       = {Publications of the Astronomical Society of Japan},
  publisher     = {Oxford University Press Oxford, UK},
  volume        = 65,
  number        = 2,
  pages         = 38
}

@book{traub2010,
  title         = {{Direct Imaging of Exoplanets}},
  author        = {Traub, Wesley A and Oppenheimer, Ben R and Seager, SE},
  year          = 2010,
  publisher     = {Tucson: University of Arizona Press}
}

@article{trees2022,
  title         = {{Ocean signatures in the total flux and polarization spectra of Earth-like exoplanets}},
  author        = {{Trees}, V. J. H. and {Stam}, D. M.},
  year          = 2022,
  month         = 8,
  adsurl        = {https://adsabs.harvard.edu/abs/2022A&A...664A.172T},
  doi           = {10.1051/0004-6361/202243591},
  journal       = {\aap},
  pages         = {A172},
  volume        = 664,
}


@article{tremblay2020,
  title         = {{The Detectability and Constraints of Biosignature Gases in the Near-and Mid-infrared from Transit Transmission Spectroscopy}},
  author        = {Tremblay, Luke and Line, Michael R and Stevenson, K and Kataria, Tiffany and Zellem, Robert T and Fortney, Jonathan J and others},
  year          = 2020,
  journal       = {The Astronomical Journal},
  publisher     = {IOP Publishing},
  volume        = 159,
  number        = 3,
  pages         = 117
}

@article{turnbull2006,
  title         = {{Spectrum of a habitable world: Earthshine in the near-infrared}},
  author        = {Turnbull, Margaret C and Traub, Wesley A and Jucks, Kenneth W and Woolf, Neville J and Meyer, Michael R and Gorlova, Nadya and others},
  year          = 2006,
  journal       = {The Astrophysical Journal},
  publisher     = {IOP Publishing},
  volume        = 644,
  number        = 1,
  pages         = 551
}

@article{vandiedenhoven2007,
  title         = {{Retrieval of cloud parameters from satellite-based reflectance measurements in the ultraviolet and the oxygen A-band}},
  author        = {Van Diedenhoven, B and Hasekamp, O. P. and Landgraf, J},
  year          = 2007,
  journal       = {Journal of Geophysical Research: Atmospheres},
  publisher     = {Wiley Online Library},
  volume        = 112,
  pages         = {D15}
}

@article{velikodsky2011,
  title         = {{New Earth-based absolute photometry of the Moon}},
  author        = {Velikodsky, Yu I and Opanasenko, N. V. and Akimov, L. A. and Korokhin, VV and Shkuratov, Yu G and Kaydash, VG and others},
  year          = 2011,
  journal       = {Icarus},
  publisher     = {Elsevier},
  volume        = 214,
  number        = 1,
  pages         = {30--45}
}

@article{wayne1994,
  title         = {{Singlet oxygen in the environmental sciences}},
  author        = {Wayne, R. P.},
  year          = 1994,
  journal       = {Research on Chemical Intermediates},
  publisher     = {Springer},
  volume        = 20,
  number        = 3,
  pages         = {395--422}
}

@article{wolf2022,
  title         = {{ExoCAM: A 3D Climate Model for Exoplanet Atmospheres}},
  author        = {Wolf, Eric T and Kopparapu, Ravi and Haqq-Misra, Jacob and Fauchez, Thomas J},
  year          = 2022,
  journal       = {The Planetary Science Journal},
  publisher     = {IOP Publishing},
  volume        = 3,
  number        = 1,
  pages         = 7
}

@article{woolf2002,
  title         = {{The spectrum of Earthshine: a pale blue dot observed from the ground}},
  author        = {Woolf, Neville J and Smith, Paul S and Traub, Wesley A and Jucks, Kenneth W},
  year          = 2002,
  journal       = {The Astrophysical Journal},
  publisher     = {IOP Publishing},
  volume        = 574,
  number        = 1,
  pages         = 430
}

@article{wunderlich2019,
  title         = {{Detectability of atmospheric features of Earth-like planets in the habitable zone around M dwarfs}},
  author        = {Wunderlich, Fabian and Godolt, Mareike and Grenfell, John Lee and St{\"a}dt, Steffen and Smith, Alexis MS and Gebauer, Stefanie and others},
  year          = 2019,
  journal       = {Astronomy \& Astrophysics},
  publisher     = {EDP Sciences},
  volume        = 624,
  pages         = {A49}
}

@article{wunderlich2021,
  title         = {{Detectability of biosignatures on LHS 1140 b}},
  author        = {Wunderlich, Fabian and Scheucher, Markus and Grenfell, John Lee and Schreier, Franz and Sousa-Silva, Clara and Godolt, Mareike and others},
  year          = 2021,
  journal       = {Astronomy \& Astrophysics},
  publisher     = {EDP Sciences},
  volume        = 647,
  pages         = {A48}
}

@article{Stark2019_exoplanetyield,
  title         = {{ExoEarth yield landscape for future direct imaging space telescopes}},
  author        = {{Stark}, Christopher C. and {Belikov}, Rus and {Bolcar}, Matthew R. and {Cady}, Eric and {Crill}, Brendan P. and {Ertel}, Steve and {Groff}, Tyler and {Hildebrandt}, Sergi and {Krist}, John and {Lisman}, P. Douglas and {Mazoyer}, Johan and {Mennesson}, Bertrand and {Nemati}, Bijan and {Pueyo}, Laurent and {Rauscher}, Bernard J. and {Riggs}, A.~J. and {Ruane}, Garreth and {Shaklan}, Stuart B. and {Sirbu}, Dan and {Soummer}, Remi and {Laurent}, Kathryn St. and {Zimmerman}, Neil},
  year          = 2019,
  month         = apr,
  journal       = {Journal of Astronomical Telescopes, Instruments, and Systems},
  volume        = 5,
  pages         = {024009},
  doi           = {10.1117/1.JATIS.5.2.024009},
  archiveprefix = {arXiv},
  eprint        = {1904.11988},
  adsurl        = {https://ui.adsabs.harvard.edu/abs/2019JATIS...5b4009S}
}

@article{kasting93,
  title         = {{Habitable Zones around Main Sequence Stars}},
  author        = {{Kasting}, James F. and {Whitmire}, Daniel P. and {Reynolds}, Ray T.},
  year          = 1993,
  month         = jan,
  journal       = {\icarus},
  volume        = 101,
  number        = 1,
  pages         = {108--128},
  doi           = {10.1006/icar.1993.1010},
  adsurl        = {https://ui.adsabs.harvard.edu/abs/1993Icar..101..108K}
}

@article{kopparapu13,
  title         = {{Habitable Zones around Main-sequence Stars: New Estimates}},
  author        = {{Kopparapu}, Ravi Kumar and {Ramirez}, Ramses and {Kasting}, James F. and {Eymet}, Vincent and {Robinson}, Tyler D. and {Mahadevan}, Suvrath and {Terrien}, Ryan C. and {Domagal-Goldman}, Shawn and {Meadows}, Victoria and {Deshpande}, Rohit},
  year          = 2013,
  month         = mar,
  journal       = {\apj},
  volume        = 765,
  number        = 2,
  pages         = 131,
  doi           = {10.1088/0004-637X/765/2/131},
  archiveprefix = {arXiv},
  eprint        = {1301.6674},
  adsurl        = {https://ui.adsabs.harvard.edu/abs/2013ApJ...765..131K}
}

@article{scipy_2020,
  title         = {{{SciPy} 1.0: Fundamental Algorithms for Scientific Computing in Python}},
  author        = {Virtanen, Pauli and Gommers, Ralf and Oliphant, Travis E. and Haberland, Matt and Reddy, Tyler and Cournapeau, David and Burovski, Evgeni and Peterson, Pearu and Weckesser, Warren and Bright, Jonathan and {van der Walt}, St{\'e}fan J. and Brett, Matthew and Wilson, Joshua and Millman, K. Jarrod and Mayorov, Nikolay and Nelson, Andrew R. J. and Jones, Eric and Kern, Robert and Larson, Eric and Carey, C J and Polat, {\.I}lhan and Feng, Yu and Moore, Eric W. and {VanderPlas}, Jake and Laxalde, Denis and Perktold, Josef and Cimrman, Robert and Henriksen, Ian and Quintero, E. A. and Harris, Charles R. and Archibald, Anne M. and Ribeiro, Ant{\^o}nio H. and Pedregosa, Fabian and {van Mulbregt}, Paul and {SciPy 1.0 Contributors}},
  year          = 2020,
  journal       = {Nature Methods},
  volume        = 17,
  pages         = {261--272},
  doi           = {10.1038/s41592-019-0686-2},
  adsurl        = {https://rdcu.be/b08Wh}
}

@article{matplotlib2007,
  title         = {{Matplotlib: A 2D Graphics Environment}},
  author        = {{Hunter}, John D.},
  year          = 2007,
  adsurl        = {https://adsabs.harvard.edu/abs/2007CSE.....9...90H},
  doi           = {10.1109/mcse.2007.55},
  journal       = {Computing in Science \& Engineering},
  number        = 3,
  pages         = {90--95},
  volume        = 9,
}

@article{astropy:2013,
  title         = {{Astropy: A community Python package for astronomy}},
  author        = {{Astropy Collaboration} and others},
  year          = 2013,
  month         = oct,
  journal       = {\aap},
  volume        = 558,
  pages         = {A33},
  doi           = {10.1051/0004-6361/201322068},
  adsurl        = {http://adsabs.harvard.edu/abs/2013A&A...558A..33A},
  eprint        = {1307.6212},
  bdsk-url-1    = {https://dx.doi.org/10.1051/0004-6361/201322068}
}

@article{astropy:2018,
  title         = {{The Astropy Project: Building an Open-science Project and Status of the v2.0 Core Package}},
  author        = {{Astropy Collaboration} and others},
  year          = 2018,
  month         = sep,
  journal       = {\aj},
  volume        = 156,
  number        = 3,
  pages         = 123,
  doi           = {10.3847/1538-3881/aabc4f},
  eprint        = {1801.02634},
  adsurl        = {https://ui.adsabs.harvard.edu/abs/2018AJ....156..123A}
}

@article{astropy:2022,
  title         = {{The Astropy Project: Sustaining and Growing a Community-oriented Open-source Project and the Latest Major Release (v5.0) of the Core Package}},
  author        = {{Astropy Collaboration} and others},
  year          = 2022,
  month         = aug,
  journal       = {\apj},
  volume        = 935,
  number        = 2,
  pages         = 167,
  doi           = {10.3847/1538-4357/ac7c74},
  eprint        = {2206.14220},
  adsurl        = {https://ui.adsabs.harvard.edu/abs/2022ApJ...935..167A}
}

@article{NumPy2020,
  title         = {{Array programming with NumPy}},
  author        = {{Harris}, Charles R. and {Millman}, K. Jarrod and {van der Walt}, Stéfan J. and {Gommers}, Ralf and {Virtanen}, Pauli and {Cournapeau}, David and {Wieser}, Eric and {Taylor}, Julian and {Berg}, Sebastian and {Smith}, Nathaniel J. and {Kern}, Robert and {Picus}, Matti and {Hoyer}, Stephan and {van Kerkwijk}, Marten H. and {Brett}, Matthew and {Haldane}, Allan and {del Río}, Jaime Fernández and {Wiebe}, Mark and {Peterson}, Pearu and {Gérard-Marchant}, Pierre and {Sheppard}, Kevin and {Reddy}, Tyler and {Weckesser}, Warren and {Abbasi}, Hameer and {Gohlke}, Christoph and {Oliphant}, Travis E.},
  year          = 2020,
  month         = 9,
  adsurl        = {https://adsabs.harvard.edu/abs/2020Natur.585..357H},
  doi           = {10.1038/s41586-020-2649-2},
  journal       = {\nat},
  number        = 7825,
  pages         = {357--362},
  volume        = 585,
}



@article{Venus74,
  title         = {{Interpretation of the polarization of Venus.}},
  author        = {{Hansen}, J.~E. and {Hovenier}, J.~W.},
  year          = 1974,
  month         = may,
  journal       = {Journal of Atmospheric Sciences},
  volume        = 31,
  pages         = {1137--1160},
  doi           = {10.1175/1520-0469(1974)031<1137:IOTPOV>2.0.CO;2},
  adsurl        = {https://ui.adsabs.harvard.edu/abs/1974JAtS...31.1137H}
}

@article{Guimond_2019,
  title         = {{Three Direct Imaging Epochs Could Constrain the Orbit of Earth 2.0 inside the Habitable Zone}},
  author        = {{Guimond}, Claire Marie and {Cowan}, Nicolas B.},
  year          = 2019,
  month         = apr,
  journal       = {\aj},
  volume        = 157,
  number        = 5,
  pages         = 188,
  doi           = {10.3847/1538-3881/ab0f2e},
  adsurl        = {https://adsabs.harvard.edu/abs/2019AJ....157..188G}
}

@inproceedings{Bouret2018_pollux,
  title         = {{The science case for POLLUX, a high-resolution UV spectropolarimeter onboard LUVOIR}},
  author        = {{Bouret}, Jean-Claude and {Neiner}, Coralie and {Fossati}, Luca and {Evans}, Chris J. and {Charlot}, Stéphane and {Noterdaeme}, Pasquier and {Chaufray}, Jean-Yves and {Gänsicke}, Boris and {de Castro}, Ana Inés Gómez and {Gry}, Cécile and {Shore}, Steve and {Marin}, Frédéric},
  year          = 2018,
  month         = 7,
  adsurl        = {https://adsabs.harvard.edu/abs/2018SPIE10699E..3BB},
  booktitle     = {Space Telescopes and Instrumentation 2018: Ultraviolet to Gamma Ray},
  doi           = {10.1117/12.2312621},
  editor        = {{den Herder}, Jan-Willem A. and {Nakazawa}, Kazuhiro and {Nikzad}, Shouleh},
  publisher     = {{SPIE}},
}


@article{Robinson_2010,
  title         = {{Detecting Oceans On Extrasolar Planets Using The Glint Effect}},
  author        = {{Robinson}, Tyler D. and {Meadows}, Victoria S. and {Crisp}, David},
  year          = 2010,
  month         = sep,
  journal       = {\apj},
  volume        = 721,
  number        = 1,
  pages         = {L67--l71},
  doi           = {10.1088/2041-8205/721/1/l67},
  adsurl        = {https://adsabs.harvard.edu/abs/2010ApJ...721L..67R}
}

@article{CoxMunk1954,
  title         = {{Measurement of the Roughness of the Sea Surface from Photographs of the Sun's Glitter}},
  author        = {{Cox}, Charles and {Munk}, Walter},
  year          = 1954,
  month         = 11,
  doi           = {10.1364/josa.44.000838},
  journal       = {Journal of the Optical Society of America},
  number        = 11,
  pages         = 838,
  volume        = 44,
  adsurl        = {https://adsabs.harvard.edu/abs/1954JOSA...44..838C},
}

@article{Emde2017,
  title         = {{Influence of aerosols, clouds, and sunglint on polarization spectra of Earthshine}},
  author        = {{Emde}, Claudia and {Buras-Schnell}, Robert and {Sterzik}, Michael and {Bagnulo}, Stefano},
  year          = 2017,
  month         = aug,
  journal       = {\aap},
  volume        = 605,
  pages         = {A2},
  doi           = {10.1051/0004-6361/201629948},
  archiveprefix = {arXiv},
  eprint        = {1705.03298},
  adsurl        = {https://ui.adsabs.harvard.edu/abs/2017A&A...605A...2E}
}

@article{2022A&A...664A..59M,
  title         = {{Exoplanet cartography using convolutional neural networks}},
  author        = {{Meinke}, K. and {Stam}, D.~M. and {Visser}, P.~M.},
  year          = 2022,
  month         = aug,
  journal       = {\aap},
  volume        = 664,
  pages         = {A59},
  doi           = {10.1051/0004-6361/202142932},
  archiveprefix = {arXiv},
  eprint        = {2204.11821},
  adsurl        = {https://ui.adsabs.harvard.edu/abs/2022A&A...664A..59M}
}

@article{2023A&A...671A.165M,
  title         = {{From exo-Earths to exo-Venuses: Flux and polarization signatures of reflected light}},
  author        = {{Mahapatra}, G. and {Abiad}, F. and {Rossi}, L. and {Stam}, D.~M.},
  year          = 2023,
  month         = mar,
  journal       = {\aap},
  volume        = 671,
  pages         = {A165},
  doi           = {10.1051/0004-6361/202243190},
  archiveprefix = {arXiv},
  eprint        = {2301.11314},
  adsurl        = {https://ui.adsabs.harvard.edu/abs/2023A&A...671A.165M}
}

@ARTICLE{2023GeoRL..5003457D,
       author = {{Ding}, Jiachen and {Yang}, Ping and {Lemmon}, Mark T. and {Zhang}, Yuheng},
        title = "{Simulations of Halos Produced by Carbon Dioxide Ice Crystals in the Martian Atmosphere}",
      journal = {\grl},
     keywords = {CO$_{2}$ ice crystal, light scattering, Martian atmosphere},
         year = 2023,
        month = apr,
       volume = {50},
       number = {8},
          eid = {e2023GL103457},
        pages = {e2023GL103457},
          doi = {10.1029/2023GL103457},
       adsurl = {https://ui.adsabs.harvard.edu/abs/2023GeoRL..5003457D},
      adsnote = {Provided by the SAO/NASA Astrophysics Data System}
}

@ARTICLE{2022JQSRT.29008313M,
       author = {{Moilanen}, Jarmo and {Gritsevich}, Maria},
        title = "{Light scattering by airborne ice crystals - An inventory of atmospheric halos}",
      journal = {\jqsrt},
     keywords = {Atmospheric halos, Ice crystal halos, Atmospheric optics, Light scattering, Ice crystals},
         year = 2022,
        month = nov,
       volume = {290},
          eid = {108313},
        pages = {108313},
          doi = {10.1016/j.jqsrt.2022.108313},
       adsurl = {https://ui.adsabs.harvard.edu/abs/2022JQSRT.29008313M},
      adsnote = {Provided by the SAO/NASA Astrophysics Data System}
}

@article{Zakovryashin_2020,
  title         = {{Numerical simulation of optical phenomena in atmospheric clouds and fogs}},
  author        = {{Zakovryashin}, Andrey V. and {Prigarin}, Sergei M.},
  year          = 2020,
  month         = 12,
  doi           = {10.1515/rnam-2020-0030},
  journal       = {Russian Journal of Numerical Analysis and Mathematical Modelling},
  number        = 6,
  pages         = {367--375},
  volume        = 35,
}

@ARTICLE{Petroff_2021,
       author = {{Petroff}, Matthew A.},
        title = "{Accessible Color Sequences for Data Visualization}",
      journal = {arXiv e-prints},
     keywords = {Computer Science - Graphics},
         year = 2021,
        month = jul,
          eid = {arXiv:2107.02270},
        pages = {arXiv:2107.02270},
          doi = {10.48550/arXiv.2107.02270},
archivePrefix = {arXiv},
       eprint = {2107.02270},
 primaryClass = {cs.GR},
       adsurl = {https://ui.adsabs.harvard.edu/abs/2021arXiv210702270P},
      adsnote = {Provided by the SAO/NASA Astrophysics Data System}
}

@ARTICLE{Ryan_Robinson_2022,
  adsurl    = {https://adsabs.harvard.edu/abs/2022PSJ.....3...33R},
  author    = {{Ryan}, Dominick J. and {Robinson}, Tyler D.},
  doi       = {10.3847/psj/ac4af3},
  journal   = {\psj},
  month     = {2},
  number    = {2},
  pages     = {33},
  title     = {Detecting Oceans on Exoplanets with Phase-dependent Spectral Principal Component Analysis},
  volume    = {3},
  year      = {2022}
}


@ARTICLE{McCullough_2006,
       author = {{McCullough}, P.~R.},
        title = "{Models of Polarized Light from Oceans and Atmospheres of Earth-like Extrasolar Planets}",
      journal = {arXiv e-prints},
     keywords = {Astrophysics},
         year = 2006,
        month = oct,
          eid = {astro-ph/0610518},
        pages = {astro-ph/0610518},
          doi = {10.48550/arXiv.astro-ph/0610518},
archivePrefix = {arXiv},
       eprint = {astro-ph/0610518},
 primaryClass = {astro-ph},
       adsurl = {https://ui.adsabs.harvard.edu/abs/2006astro.ph.10518M},
      adsnote = {Provided by the SAO/NASA Astrophysics Data System}
}

@ARTICLE{Robinson2011,
       author = {{Robinson}, Tyler D. and {Meadows}, Victoria S. and {Crisp}, David and {Deming}, Drake and {A'Hearn}, Michael F. and {Charbonneau}, David and {Livengood}, Timothy A. and {Seager}, Sara and {Barry}, Richard K. and {Hearty}, Thomas and {Hewagama}, Tilak and {Lisse}, Carey M. and {McFadden}, Lucy A. and {Wellnitz}, Dennis D.},
        title = "{Earth as an Extrasolar Planet: Earth Model Validation Using EPOXI Earth Observations}",
      journal = {Astrobiology},
     keywords = {Astrobiology, Extrasolar terrestrial planets, Habitability, Planetary science, Radiative transfer, Earth Science},
         year = 2011,
        month = jun,
       volume = {11},
       number = {5},
        pages = {393-408},
          doi = {10.1089/ast.2011.0642},
       adsurl = {https://ui.adsabs.harvard.edu/abs/2011AsBio..11..393R},
      adsnote = {Provided by the SAO/NASA Astrophysics Data System}
}

@ARTICLE{Qiu2003,
       author = {{Qiu}, J. and {Goode}, P.~R. and {Pall{\'e}}, E. and {Yurchyshyn}, V. and {Hickey}, J. and {Monta{\~n}{\'e}S Rodriguez}, P. and {Chu}, M. -C. and {Kolbe}, E. and {Brown}, C.~T. and {Koonin}, S.~E.},
        title = "{Earthshine and the Earth's albedo: 1. Earthshine observations and measurements of the lunar phase function for accurate measurements of the Earth's Bond albedo}",
      journal = {Journal of Geophysical Research (Atmospheres)},
     keywords = {Atmospheric Composition and Structure: Cloud physics and chemistry, Atmospheric Composition and Structure: Evolution of the atmosphere, Global Change: Atmosphere (0315, 0325), Global Change: Instruments and techniques, Meteorology and Atmospheric Dynamics: Climatology (1620), albedo, Earth, Moon, Earth Science},
         year = 2003,
        month = nov,
       volume = {108},
       number = {D22},
          eid = {4709},
        pages = {4709},
          doi = {10.1029/2003JD003610},
       adsurl = {https://ui.adsabs.harvard.edu/abs/2003JGRD..108.4709Q},
      adsnote = {Provided by the SAO/NASA Astrophysics Data System}
}

@ARTICLE{Palle2003,
       author = {{Pall{\'e}}, E. and {Goode}, P.~R. and {Yurchyshyn}, V. and {Qiu}, J. and {Hickey}, J. and {Monta{\~n}{\'e}S Rodriguez}, P. and {Chu}, M. -C. and {Kolbe}, E. and {Brown}, C.~T. and {Koonin}, S.~E.},
        title = "{Earthshine and the Earth's albedo: 2. Observations and simulations over 3 years}",
      journal = {Journal of Geophysical Research (Atmospheres)},
     keywords = {Atmospheric Composition and Structure: Cloud physics and chemistry, Atmospheric Composition and Structure: Evolution of the atmosphere, Global Change: Atmosphere (0315, 0325), Meteorology and Atmospheric Dynamics: Precipitation (1854), Solar Physics, Astrophysics, and Astronomy: Solar activity cycle (2162), albedo, Earth, Moon, Earth Science},
         year = 2003,
        month = nov,
       volume = {108},
       number = {D22},
          eid = {4710},
        pages = {4710},
          doi = {10.1029/2003JD003611},
       adsurl = {https://ui.adsabs.harvard.edu/abs/2003JGRD..108.4710P},
      adsnote = {Provided by the SAO/NASA Astrophysics Data System}
}

